<?xml version="1.0" encoding="UTF-8"?><record xmlns="http://www.loc.gov/MARC21/slim" xmlns:cinclude="http://apache.org/cocoon/include/1.0" xmlns:zs="http://www.loc.gov/zing/srw/">
  <leader>00519cz  a2200133n  4500</leader>
  <controlfield tag="001">n  98013091 </controlfield>
  <controlfield tag="003">DLC</controlfield>
  <controlfield tag="005">20080125075802.0</controlfield>
  <controlfield tag="008">980210n| acannaab           |a aaa      </controlfield>
  <datafield tag="010" ind1=" " ind2=" ">
    <subfield code="a">n  98013091 </subfield>
  </datafield>
  <datafield tag="040" ind1=" " ind2=" ">
    <subfield code="a">DLC</subfield>
    <subfield code="c">DLC</subfield>
    <subfield code="d">DLC</subfield>
  </datafield>
  <datafield tag="100" ind1="1" ind2="0">
    <subfield code="a">Kurths, J.</subfield>
    <subfield code="q">(Jürgen),</subfield>
    <subfield code="d">1953-</subfield>
  </datafield>
  <datafield tag="400" ind1="1" ind2="0">
    <subfield code="a">Kurths, Jürgen,</subfield>
    <subfield code="d">1953-</subfield>
  </datafield>
  <datafield tag="670" ind1=" " ind2=" ">
    <subfield code="a">Nonlinear analysis of physiological data, 1998:</subfield>
    <subfield code="b">CIP t.p. (J. Kurths) ed. quest. (Jürgen Kurths; Prof. Dr. rer. nat. habil. Universitaet Potsdam, Institut fuer Physik, Potsdam, Germany; dob Mar. 11, 1953)</subfield>
  </datafield>
</record>